<?xml version="1.0" encoding="UTF-8"?>
<OAI-PMH xmlns="http://www.openarchives.org/OAI/2.0/" xmlns:xsi="http://www.w3.org/2001/XMLSchema-instance" xsi:schemaLocation="http://www.openarchives.org/OAI/2.0/ http://www.openarchives.org/OAI/2.0/OAI-PMH.xsd">
<ListRecords>
<record>
<header status="updated">
<identifier>urm_publish:71294447160002121</identifier>
</header>
<metadata>
<record xmlns="http://www.loc.gov/MARC21/slim" xmlns:xsi="http://www.w3.org/2001/XMLSchema-instance" xsi:schemaLocation="http://www.loc.gov/MARC21/slim http://www.loc.gov/standards/marcxml/schema/MARC21slim.xsd" ><leader>01222nam a22003498a 4500</leader><controlfield tag="005">19990604113142.0</controlfield><controlfield tag="008">911202s1992    dcua     b   f001 0 eng  </controlfield><controlfield tag="001">999701666602121</controlfield><datafield tag="010" ind1=" " ind2=" "><subfield code="a">   91045327 </subfield></datafield><datafield tag="035" ind1=" " ind2=" "><subfield code="a">(OCoLC)25009437</subfield></datafield><datafield tag="035" ind1=" " ind2=" "><subfield code="9">AQU1013UW</subfield></datafield><datafield tag="035" ind1=" " ind2=" "><subfield code="a">(WU)2610734-uwmadisondb</subfield></datafield><datafield tag="040" ind1=" " ind2=" "><subfield code="a">WU</subfield><subfield code="b">eng</subfield><subfield code="c">WU</subfield><subfield code="d">GPO</subfield><subfield code="d">DLC</subfield><subfield code="d">MGPO</subfield></datafield><datafield tag="050" ind1="0" ind2="0"><subfield code="a">QL1</subfield><subfield code="b">.S54 no. 529</subfield><subfield code="a">QL638.C89</subfield></datafield><datafield tag="074" ind1=" " ind2=" "><subfield code="a">910-D</subfield></datafield><datafield tag="082" ind1="0" ind2="0"><subfield code="a">591 s</subfield><subfield code="a">597/.52</subfield><subfield code="2">20</subfield></datafield><datafield tag="086" ind1="0" ind2=" "><subfield code="a">SI 1.27:529</subfield></datafield><datafield tag="100" ind1="1" ind2=" "><subfield code="a">Vari, Richard P.</subfield><subfield code="2">LCNAMES</subfield><subfield code="0">41-LIBRARY_OF_CONGRESS-n  78033853</subfield><subfield code="9">Y</subfield></datafield><datafield tag="245" ind1="1" ind2="0"><subfield code="a">Systematics of the Neotropical characiform genus Cyphocharax Fowler (Pisces, Ostariophysi) /</subfield><subfield code="c">Richard P. Vari.</subfield></datafield><datafield tag="264" ind1=" " ind2="1"><subfield code="a">Washington, D.C. :</subfield><subfield code="b">Smithsonian Institution Press,</subfield><subfield code="c">1992.</subfield></datafield><datafield tag="300" ind1=" " ind2=" "><subfield code="a">iv, 137 pages :</subfield><subfield code="b">illustrations ;</subfield><subfield code="c">28 cm.</subfield></datafield><datafield tag="336" ind1=" " ind2=" "><subfield code="a">text</subfield><subfield code="b">txt</subfield><subfield code="2">rdacontent</subfield></datafield><datafield tag="337" ind1=" " ind2=" "><subfield code="a">unmediated</subfield><subfield code="b">n</subfield><subfield code="2">rdamedia</subfield></datafield><datafield tag="338" ind1=" " ind2=" "><subfield code="a">volume</subfield><subfield code="b">nc</subfield><subfield code="2">rdacarrier</subfield></datafield><datafield tag="490" ind1="1" ind2=" "><subfield code="a">Smithsonian contributions to zoology ;</subfield><subfield code="v">no. 529</subfield></datafield><datafield tag="504" ind1=" " ind2=" "><subfield code="a">Includes bibliographical references (pages 129-134).</subfield></datafield><datafield tag="500" ind1=" " ind2=" "><subfield code="a">Includes index.</subfield></datafield><datafield tag="650" ind1=" " ind2="0"><subfield code="a">Cyphocharax.</subfield></datafield><datafield tag="650" ind1=" " ind2="0"><subfield code="a">Cyphocharax</subfield><subfield code="x">Classification.</subfield><subfield code="2">LCSH</subfield><subfield code="0">41-LIBRARY_OF_CONGRESS-sh 91006126</subfield><subfield code="9">Y</subfield></datafield><datafield tag="710" ind1="2" ind2=" "><subfield code="a">Smithsonian Institution.</subfield><subfield code="b">Press.</subfield><subfield code="2">LCNAMES</subfield><subfield code="0">41-LIBRARY_OF_CONGRESS-n  78074904</subfield><subfield code="9">Y</subfield></datafield><datafield tag="830" ind1=" " ind2="0"><subfield code="a">Smithsonian contributions to zoology ;</subfield><subfield code="v">no. 529.</subfield></datafield><datafield tag="997" ind1=" " ind2=" "><subfield code="a">MARCIVE</subfield></datafield><datafield tag="650" ind1=" " ind2="0"><subfield code="a">Curimatoides</subfield><subfield code="2">LCSH</subfield><subfield code="0">41-LIBRARY_OF_CONGRESS-sh 91006126</subfield><subfield code="9">N</subfield></datafield><datafield tag="650" ind1=" " ind2="0"><subfield code="a">Hemicurimata</subfield><subfield code="2">LCSH</subfield><subfield code="0">41-LIBRARY_OF_CONGRESS-sh 91006126</subfield><subfield code="9">N</subfield></datafield><datafield tag="650" ind1=" " ind2="0"><subfield code="a">Xyrocharax</subfield><subfield code="2">LCSH</subfield><subfield code="0">41-LIBRARY_OF_CONGRESS-sh 91006126</subfield><subfield code="9">N</subfield></datafield><datafield tag="650" ind1=" " ind2="0"><subfield code="w">g</subfield><subfield code="a">Curimatidae</subfield><subfield code="2">LCSH</subfield><subfield code="0">41-LIBRARY_OF_CONGRESS-sh 91006126</subfield><subfield code="9">R</subfield></datafield><datafield tag="710" ind1="2" ind2=" "><subfield code="a">Smithsonian Institution Press</subfield><subfield code="2">LCNAMES</subfield><subfield code="0">41-LIBRARY_OF_CONGRESS-n  78074904</subfield><subfield code="9">N</subfield></datafield><datafield tag="710" ind1="2" ind2=" "><subfield code="a">Smithsonian Press</subfield><subfield code="2">LCNAMES</subfield><subfield code="0">41-LIBRARY_OF_CONGRESS-n  78074904</subfield><subfield code="9">N</subfield></datafield><datafield tag="710" ind1="2" ind2=" "><subfield code="a">SIP</subfield><subfield code="2">LCNAMES</subfield><subfield code="0">41-LIBRARY_OF_CONGRESS-n  78074904</subfield><subfield code="9">N</subfield></datafield><datafield tag="710" ind1="2" ind2=" "><subfield code="w">r</subfield><subfield code="i">Successor:</subfield><subfield code="a">Smithsonian Institution Scholarly Press</subfield><subfield code="2">LCNAMES</subfield><subfield code="0">41-LIBRARY_OF_CONGRESS-n  78074904</subfield><subfield code="9">R</subfield></datafield><datafield tag="INST" ind1=" " ind2=" "><subfield code="a">01UWI_NETWORK</subfield><subfield code="b">P</subfield><subfield code="c">71294447160002121</subfield></datafield><datafield tag="INST" ind1=" " ind2=" "><subfield code="a">01UWI_LC</subfield><subfield code="b">P</subfield><subfield code="c">21115633770002125</subfield></datafield><datafield tag="INST" ind1=" " ind2=" "><subfield code="a">01UWI_MAD</subfield><subfield code="b">P</subfield><subfield code="c">71565909140002122</subfield></datafield><datafield tag="INST" ind1=" " ind2=" "><subfield code="a">01UWI_ML</subfield><subfield code="b">P</subfield><subfield code="c">21194872410002124</subfield></datafield><datafield tag="INST" ind1=" " ind2=" "><subfield code="a">01UWI_SF</subfield><subfield code="b">P</subfield><subfield code="c">2142988570002130</subfield></datafield><datafield tag="INST" ind1=" " ind2=" "><subfield code="a">01UWI_EC</subfield><subfield code="b">P</subfield><subfield code="c">2189101360002134</subfield></datafield><datafield tag="AVA" ind1=" " ind2=" "><subfield code="0">992940623402125</subfield><subfield code="8">22115633760002125</subfield><subfield code="a">01UWI_LC</subfield><subfield code="b">LAXMUR</subfield><subfield code="c">Government Documents Federal (basement)</subfield><subfield code="d">SI 1.27:529</subfield><subfield code="e">available</subfield><subfield code="f">1</subfield><subfield code="g">0</subfield><subfield code="j">docs</subfield><subfield code="k">3</subfield><subfield code="p">1</subfield><subfield code="q">UW La Crosse Murphy Library</subfield></datafield><datafield tag="AVA" ind1=" " ind2=" "><subfield code="0">99103874593602122</subfield><subfield code="8">22719200400002122</subfield><subfield code="a">01UWI_MAD</subfield><subfield code="b">MEMORIAL</subfield><subfield code="c">Stacks Regular Size Shelving</subfield><subfield code="d">QL1 S5 no.528-535</subfield><subfield code="e">available</subfield><subfield code="f">2</subfield><subfield code="g">0</subfield><subfield code="j">stk</subfield><subfield code="k">0</subfield><subfield code="p">1</subfield><subfield code="q">Memorial Library</subfield></datafield><datafield tag="AVA" ind1=" " ind2=" "><subfield code="0">998524723402124</subfield><subfield code="8">22194872400002124</subfield><subfield code="a">01UWI_ML</subfield><subfield code="b">MIL</subfield><subfield code="c">Stacks</subfield><subfield code="d">QL1 S54 no.529</subfield><subfield code="e">available</subfield><subfield code="f">1</subfield><subfield code="g">0</subfield><subfield code="j">stk</subfield><subfield code="k">0</subfield><subfield code="p">1</subfield><subfield code="q">UW Milwaukee</subfield></datafield><datafield tag="AVA" ind1=" " ind2=" "><subfield code="0">993736463602130</subfield><subfield code="8">2242988560002130</subfield><subfield code="a">01UWI_SF</subfield><subfield code="b">SP</subfield><subfield code="c">US Government Documents (6th floor)</subfield><subfield code="d">SI 1.27:529</subfield><subfield code="e">available</subfield><subfield code="f">1</subfield><subfield code="g">0</subfield><subfield code="j">docus</subfield><subfield code="k">3</subfield><subfield code="p">1</subfield><subfield code="q">UW Stevens Point Library</subfield></datafield><datafield tag="AVA" ind1=" " ind2=" "><subfield code="0">994163323402134</subfield><subfield code="8">2289101350002134</subfield><subfield code="a">01UWI_EC</subfield><subfield code="b">UWEC</subfield><subfield code="c">Govt. Collection US Stacks (1st floor)</subfield><subfield code="d">SI 1.27:529</subfield><subfield code="e">available</subfield><subfield code="f">1</subfield><subfield code="g">0</subfield><subfield code="j">gov US</subfield><subfield code="k">3</subfield><subfield code="p">1</subfield><subfield code="q">UW-Eau Claire McIntyre Library</subfield></datafield><datafield tag="MMS" ind1=" " ind2=" "><subfield code="b">999701666602121</subfield><subfield code="a">01UWI_NETWORK</subfield></datafield><datafield tag="MMS" ind1=" " ind2=" "><subfield code="b">992940623402125</subfield><subfield code="a">01UWI_LC</subfield></datafield><datafield tag="MMS" ind1=" " ind2=" "><subfield code="b">9926107343602122</subfield><subfield code="a">01UWI_MAD</subfield></datafield><datafield tag="MMS" ind1=" " ind2=" "><subfield code="b">998524723402124</subfield><subfield code="a">01UWI_ML</subfield></datafield><datafield tag="MMS" ind1=" " ind2=" "><subfield code="b">993736463602130</subfield><subfield code="a">01UWI_SF</subfield></datafield><datafield tag="MMS" ind1=" " ind2=" "><subfield code="b">994163323402134</subfield><subfield code="a">01UWI_EC</subfield></datafield><datafield tag="BBB" ind1="0" ind2="0"><subfield code="x">aShipping list no.: 92-0496-P</subfield><subfield code="8">22719200400002122</subfield><subfield code="A">01UWI_MAD</subfield></datafield><datafield tag="AAA" ind1="3" ind2="0"><subfield code="z">Web access also</subfield><subfield code="8">2242988560002130</subfield><subfield code="A">01UWI_SF</subfield></datafield></record>
</metadata>
</record>
</ListRecords>
</OAI-PMH>